[gd_scene load_steps=11 format=2]

[ext_resource path="res://Assets/fonts/Raw/CC Wild Words Roman.ttf" type="DynamicFontData" id=1]
[ext_resource path="res://Scenes/Button.tscn" type="PackedScene" id=2]
[ext_resource path="res://Assets/fonts/ButtonVT.tres" type="DynamicFont" id=3]
[ext_resource path="res://Assets/Audio/ready to use/dead.wav" type="AudioStream" id=4]
[ext_resource path="res://Scripts/Score.gd" type="Script" id=5]
[ext_resource path="res://Scripts/HighScore.gd" type="Script" id=6]
[ext_resource path="res://Scenes/GameOver.gd" type="Script" id=7]
[ext_resource path="res://Assets/Visual/buttons/cursor.png" type="Texture" id=8]
[ext_resource path="res://Assets/Audio/ready to use/button-select.wav" type="AudioStream" id=9]

[sub_resource type="DynamicFont" id=1]
size = 35
font_data = ExtResource( 1 )

[node name="GameOver" type="Control"]
script = ExtResource( 7 )
__meta__ = {
"_edit_use_anchors_": false
}

[node name="ColorRect" type="ColorRect" parent="."]
margin_right = 319.0
margin_bottom = 181.0
color = Color( 0.533333, 0, 0, 1 )
__meta__ = {
"_edit_use_anchors_": false
}

[node name="GameOver" type="Label" parent="."]
margin_left = 53.8008
margin_top = 28.4188
margin_right = 264.801
margin_bottom = 59.4188
custom_fonts/font = SubResource( 1 )
text = "GAME OVER"

[node name="MainMenu" parent="." instance=ExtResource( 2 )]
margin_left = 181.893
margin_top = 124.632
margin_right = 264.893
margin_bottom = 146.632
toggle_mode = true
text = "Main Menu"
scene_to_load = "MainMenu"

[node name="TryAgain" parent="." instance=ExtResource( 2 )]
margin_left = 63.0
margin_top = 126.0
margin_right = 145.0
margin_bottom = 149.0
toggle_mode = true
text = "Try Again"
scene_to_load = "Level"

[node name="AudioStreamPlayer" type="AudioStreamPlayer" parent="."]
stream = ExtResource( 4 )
autoplay = true

[node name="HighScore" type="Label" parent="."]
margin_left = 96.0
margin_top = 92.6679
margin_right = 192.0
margin_bottom = 114.668
custom_fonts/font = ExtResource( 3 )
text = "HighScore : "
script = ExtResource( 6 )
__meta__ = {
"_edit_use_anchors_": false
}

[node name="Score" type="Label" parent="."]
margin_left = 118.841
margin_top = 72.6679
margin_right = 174.841
margin_bottom = 92.6679
custom_fonts/font = ExtResource( 3 )
text = "Score :"
script = ExtResource( 5 )
__meta__ = {
"_edit_use_anchors_": false
}

[node name="Cursor" type="Sprite" parent="."]
position = Vector2( 69.9243, 136.625 )
scale = Vector2( 0.237, 0.237 )
texture = ExtResource( 8 )

[node name="ButtonAudioPlayer" type="AudioStreamPlayer" parent="."]
stream = ExtResource( 9 )
[connection signal="pressed" from="MainMenu" to="MainMenu" method="_on_MainMenu_pressed"]
[connection signal="pressed" from="TryAgain" to="TryAgain" method="_on_TryAgain_pressed"]

