[gd_scene load_steps=37 format=2]

[ext_resource path="res://Scenes/PlatformTween.tscn" type="PackedScene" id=1]
[ext_resource path="res://Scenes/Player.tscn" type="PackedScene" id=2]
[ext_resource path="res://Scripts/Spawner.gd" type="Script" id=3]
[ext_resource path="res://Scripts/Dead_Area.gd" type="Script" id=4]
[ext_resource path="res://Assets/Visual/png_1x/bg.png" type="Texture" id=5]
[ext_resource path="res://Scenes/Score Counter.tscn" type="PackedScene" id=6]
[ext_resource path="res://Scripts/Level.gd" type="Script" id=7]
[ext_resource path="res://Assets/Audio/ready to use/bgm-sample-maybe.wav" type="AudioStream" id=8]
[ext_resource path="res://Assets/Audio/ready to use/fail.wav" type="AudioStream" id=9]
[ext_resource path="res://Assets/Audio/ready to use/pickup-maybe.wav" type="AudioStream" id=10]
[ext_resource path="res://Assets/Audio/ready to use/perfect-landing-maybe.wav" type="AudioStream" id=11]
[ext_resource path="res://Scripts/pause.gd" type="Script" id=12]
[ext_resource path="res://Assets/Audio/ready to use/bgm-4-maybe.wav" type="AudioStream" id=13]
[ext_resource path="res://Assets/Audio/ready to use/bgm-5-maybe.wav" type="AudioStream" id=14]
[ext_resource path="res://Assets/Audio/ready to use/bgm-maybe-2.wav" type="AudioStream" id=15]
[ext_resource path="res://Assets/Audio/ready to use/bgm-3-maybe.wav" type="AudioStream" id=16]
[ext_resource path="res://Assets/Audio/ready to use/upgrade.wav" type="AudioStream" id=17]
[ext_resource path="res://Assets/Audio/ready to use/game.wav" type="AudioStream" id=18]
[ext_resource path="res://Assets/Audio/ready to use/guru.wav" type="AudioStream" id=19]
[ext_resource path="res://Assets/Audio/ready to use/kopi.wav" type="AudioStream" id=20]
[ext_resource path="res://Assets/Audio/ready to use/sepatu.wav" type="AudioStream" id=21]
[ext_resource path="res://Assets/Audio/ready to use/fail-2.wav" type="AudioStream" id=22]
[ext_resource path="res://Assets/Visual/plus15.png" type="Texture" id=23]
[ext_resource path="res://Assets/Visual/slowdown.png" type="Texture" id=24]
[ext_resource path="res://Assets/Visual/minus10.png" type="Texture" id=25]
[ext_resource path="res://Assets/Visual/plusjumpheight.png" type="Texture" id=26]
[ext_resource path="res://Assets/Visual/kotak box.png" type="Texture" id=27]
[ext_resource path="res://Assets/Visual/png_1x/LANJUT.png" type="Texture" id=28]
[ext_resource path="res://Assets/Visual/png_1x/eXIT GAME.png" type="Texture" id=29]
[ext_resource path="res://Assets/fonts/ButtonVT.tres" type="DynamicFont" id=30]
[ext_resource path="res://Assets/Visual/buttons/cursor.png" type="Texture" id=31]

[sub_resource type="ParticlesMaterial" id=1]
flag_disable_z = true
direction = Vector3( 0, -1, 0 )
gravity = Vector3( 0, 98, 0 )
initial_velocity = 50.0
orbit_velocity = 0.0
orbit_velocity_random = 0.0

[sub_resource type="RectangleShape2D" id=2]
extents = Vector2( 212.65, 28.2923 )

[sub_resource type="RectangleShape2D" id=3]
extents = Vector2( 161.047, 8.23016 )

[sub_resource type="RectangleShape2D" id=4]
extents = Vector2( 10, 97.3121 )

[sub_resource type="RectangleShape2D" id=5]
extents = Vector2( 10, 92.8172 )

[node name="Level" type="Node2D"]
script = ExtResource( 7 )

[node name="Player" parent="." instance=ExtResource( 2 )]
position = Vector2( 160.362, 139.871 )

[node name="Minus10Particle" type="Particles2D" parent="Player"]
position = Vector2( -0.362, -19.871 )
emitting = false
amount = 1
one_shot = true
process_material = SubResource( 1 )
texture = ExtResource( 25 )

[node name="JumpHeightParticle" type="Particles2D" parent="Player"]
position = Vector2( -0.362, -19.871 )
emitting = false
amount = 1
one_shot = true
process_material = SubResource( 1 )
texture = ExtResource( 26 )

[node name="SlowDownParticle" type="Particles2D" parent="Player"]
position = Vector2( -0.362, -19.871 )
emitting = false
amount = 1
one_shot = true
process_material = SubResource( 1 )
texture = ExtResource( 24 )

[node name="Plus15" type="Particles2D" parent="Player"]
position = Vector2( -0.362, -19.871 )
emitting = false
amount = 1
one_shot = true
process_material = SubResource( 1 )
texture = ExtResource( 23 )

[node name="Spawner" type="Position2D" parent="."]
position = Vector2( -0.699, 0 )
script = ExtResource( 3 )
platformScene = ExtResource( 1 )

[node name="Timer" type="Timer" parent="Spawner"]
autostart = true

[node name="DeadArea" type="Area2D" parent="."]
visible = false
position = Vector2( 158.592, 137.796 )
script = ExtResource( 4 )
sceneName = "GameOver"

[node name="CollisionShape2D" type="CollisionShape2D" parent="DeadArea"]
position = Vector2( 1.3642, 59.1106 )
shape = SubResource( 2 )

[node name="StaticBody2D" type="StaticBody2D" parent="."]

[node name="CollisionShape2D" type="CollisionShape2D" parent="StaticBody2D"]
position = Vector2( 160.013, 172.593 )
shape = SubResource( 3 )

[node name="CollisionShape2D2" type="CollisionShape2D" parent="StaticBody2D"]
position = Vector2( -8.24069, 84.6544 )
shape = SubResource( 4 )

[node name="CollisionShape2D3" type="CollisionShape2D" parent="StaticBody2D"]
position = Vector2( 330.377, 89.1493 )
shape = SubResource( 5 )

[node name="ParallaxBackground" type="ParallaxBackground" parent="."]

[node name="ParallaxLayer" type="ParallaxLayer" parent="ParallaxBackground"]
motion_mirroring = Vector2( 0, 360 )

[node name="bg1" type="Sprite" parent="ParallaxBackground/ParallaxLayer"]
position = Vector2( 160.762, 1.03699 )
texture = ExtResource( 5 )

[node name="ParallaxBackground3" type="ParallaxBackground" parent="."]

[node name="ParallaxLayer" type="ParallaxLayer" parent="ParallaxBackground3"]
motion_mirroring = Vector2( 0, 360 )

[node name="bg2" type="Sprite" parent="ParallaxBackground3/ParallaxLayer"]
position = Vector2( -158.218, 0.872803 )
texture = ExtResource( 5 )

[node name="ParallaxBackground2" type="ParallaxBackground" parent="."]

[node name="ParallaxLayer" type="ParallaxLayer" parent="ParallaxBackground2"]
motion_mirroring = Vector2( 0, 360 )

[node name="bg3" type="Sprite" parent="ParallaxBackground2/ParallaxLayer"]
position = Vector2( 479.782, 1.03699 )
texture = ExtResource( 5 )

[node name="ScoreLayer" type="CanvasLayer" parent="."]

[node name="scoreCounter" parent="ScoreLayer" instance=ExtResource( 6 )]
margin_left = 250.0
margin_top = 10.0
margin_right = 250.0
margin_bottom = 62.0
rect_scale = Vector2( 0.2, 0.2 )

[node name="bgm" type="AudioStreamPlayer" parent="."]
pause_mode = 1
stream = ExtResource( 8 )
autoplay = true
bus = "BGM"

[node name="pickup" type="AudioStreamPlayer2D" parent="."]
stream = ExtResource( 10 )

[node name="fail" type="AudioStreamPlayer2D" parent="."]
stream = ExtResource( 9 )

[node name="bgm-sma" type="AudioStreamPlayer" parent="."]
stream = ExtResource( 15 )
bus = "BGM"

[node name="bgm-kuliah" type="AudioStreamPlayer" parent="."]
stream = ExtResource( 16 )
bus = "BGM"

[node name="bgm-kerja" type="AudioStreamPlayer" parent="."]
stream = ExtResource( 13 )
bus = "BGM"

[node name="bgm-tua" type="AudioStreamPlayer" parent="."]
stream = ExtResource( 14 )
bus = "BGM"

[node name="upgrade" type="AudioStreamPlayer" parent="."]
stream = ExtResource( 17 )

[node name="guruaudio" type="AudioStreamPlayer" parent="."]
stream = ExtResource( 19 )

[node name="sepatuaudio" type="AudioStreamPlayer" parent="."]
stream = ExtResource( 21 )

[node name="gameaudio" type="AudioStreamPlayer" parent="."]
stream = ExtResource( 18 )

[node name="kopiaudio" type="AudioStreamPlayer" parent="."]
stream = ExtResource( 20 )

[node name="platformHitPerfect" type="AudioStreamPlayer" parent="."]
stream = ExtResource( 11 )

[node name="platformHit" type="AudioStreamPlayer" parent="."]
stream = ExtResource( 22 )

[node name="PauseLayer" type="CanvasLayer" parent="."]
pause_mode = 2
layer = 128

[node name="pause" type="Control" parent="PauseLayer"]
pause_mode = 2
visible = false
anchor_right = 1.0
anchor_bottom = 1.0
script = ExtResource( 12 )
__meta__ = {
"_edit_use_anchors_": false
}

[node name="PauseColor" type="ColorRect" parent="PauseLayer/pause"]
anchor_right = 1.0
anchor_bottom = 1.0
color = Color( 0, 0, 0, 0.352941 )

[node name="kotakpause" type="Sprite" parent="PauseLayer/pause/PauseColor"]
position = Vector2( 150, 100 )
scale = Vector2( 0.7, 1.3 )
texture = ExtResource( 27 )

[node name="lanjut" type="Sprite" parent="PauseLayer/pause/PauseColor"]
position = Vector2( 150, 100 )
scale = Vector2( 0.158, 0.129 )
texture = ExtResource( 28 )

[node name="lanjutt" type="LinkButton" parent="PauseLayer/pause/PauseColor"]
margin_left = 130.0
margin_top = 95.0
margin_right = 170.0
margin_bottom = 109.0

[node name="keluar" type="Sprite" parent="PauseLayer/pause/PauseColor"]
position = Vector2( 150, 130 )
scale = Vector2( 0.158, 0.129 )
texture = ExtResource( 29 )

[node name="keluarr" type="LinkButton" parent="PauseLayer/pause/PauseColor"]
margin_left = 130.0
margin_top = 125.0
margin_right = 170.0
margin_bottom = 139.0

[node name="paused" type="Label" parent="PauseLayer/pause/PauseColor"]
margin_left = 131.0
margin_top = 60.0
margin_right = 171.0
margin_bottom = 77.0
custom_fonts/font = ExtResource( 30 )
custom_colors/font_color = Color( 0, 0, 0, 1 )
text = "PAUSED"

[node name="Cursor" type="Sprite" parent="PauseLayer/pause"]
position = Vector2( 118.741, 129.978 )
scale = Vector2( 0.23, 0.23 )
texture = ExtResource( 31 )

[node name="ButtonAudioPlayer" type="AudioStreamPlayer" parent="PauseLayer/pause"]
[connection signal="timeout" from="Spawner/Timer" to="Spawner" method="_on_Timer_timeout"]
[connection signal="body_entered" from="DeadArea" to="DeadArea" method="_on_Area2D_body_entered"]
[connection signal="pressed" from="PauseLayer/pause/PauseColor/lanjutt" to="PauseLayer/pause" method="lanjut"]
[connection signal="pressed" from="PauseLayer/pause/PauseColor/keluarr" to="PauseLayer/pause" method="keluar"]
