[gd_scene load_steps=9 format=2]

[ext_resource path="res://Scripts/Storyboard1.gd" type="Script" id=1]
[ext_resource path="res://Scenes/TextureButton.tscn" type="PackedScene" id=2]
[ext_resource path="res://Scenes/Button.tscn" type="PackedScene" id=3]
[ext_resource path="res://Assets/Visual/story/story_0.png" type="Texture" id=4]
[ext_resource path="res://Assets/Audio/ready to use/bgm-maybe-2.wav" type="AudioStream" id=5]
[ext_resource path="res://Assets/storyboard/arrow_left.png" type="Texture" id=6]
[ext_resource path="res://Assets/storyboard/arrow_right.png" type="Texture" id=7]
[ext_resource path="res://Assets/fonts/VT8.tres" type="DynamicFont" id=8]

[node name="Story1" type="Node2D"]
script = ExtResource( 1 )

[node name="Sprite" type="Sprite" parent="."]
position = Vector2( 160, 88 )
texture = ExtResource( 4 )

[node name="Label" type="Label" parent="."]
margin_left = 24.0
margin_top = 144.0
margin_right = 312.0
margin_bottom = 170.0
custom_fonts/font = ExtResource( 8 )
custom_colors/font_color = Color( 0, 0, 0, 1 )
text = "Suatu hari Mika memasuki ruangan sang kakak di rumahnya dan melihat lemari buku di dalamnya. 
Ia menemukan banyak sekali buku peninggalan kakaknya di dalam lemari tersebut."
autowrap = true
__meta__ = {
"_edit_use_anchors_": false
}

[node name="Back" parent="." instance=ExtResource( 2 )]
margin_left = 8.0
margin_top = 152.0
margin_right = 58.0
margin_bottom = 202.0
rect_scale = Vector2( 0.2, 0.2 )
texture_normal = ExtResource( 6 )
script = null

[node name="Next" parent="." instance=ExtResource( 2 )]
margin_left = 304.0
margin_top = 152.0
margin_right = 354.0
margin_bottom = 202.0
rect_scale = Vector2( 0.2, 0.2 )
texture_normal = ExtResource( 7 )
script = null

[node name="MainMenu" parent="." instance=ExtResource( 3 )]
visible = false
margin_left = 272.0
margin_top = 120.0
margin_right = 308.0
margin_bottom = 140.0
custom_fonts/font = ExtResource( 8 )
custom_colors/font_color = Color( 0, 0, 0, 1 )
text = "MainMenu"
scene_to_load = "MainMenu"

[node name="AudioStreamPlayer" type="AudioStreamPlayer" parent="."]
stream = ExtResource( 5 )
autoplay = true
bus = "BGM"
[connection signal="pressed" from="Back" to="." method="_on_Back_pressed"]
[connection signal="pressed" from="Next" to="." method="_on_Next_pressed"]
